<?xml version="1.0" encoding="UTF-8" ?>
<collection xmlns:xsi="http://www.w3.org/2001/XMLSchema-instance"
    xsi:schemaLocation="http://www.loc.gov/MARC21/slim
        http://www.loc.gov/standards/marcxml/schema/MARC21slim.xsd"
    xmlns="http://www.loc.gov/MARC21/slim">
<record>
  <leader>00237cam a2200445 i 4500</leader>
  <controlfield tag="001">b12779829</controlfield>
  <controlfield tag="003">LeBAU</controlfield>
  <controlfield tag="005">20140125</controlfield>
  <controlfield tag="008">971128m19221937ua ac    b    ||0 0 ara d</controlfield>
  <datafield tag="035" ind1=" " ind2=" ">
    <subfield code="a">ocn784511743</subfield>
  </datafield>
  <datafield tag="040" ind1=" " ind2=" ">
    <subfield code="a">LEAUB</subfield>
    <subfield code="b">ara</subfield>
    <subfield code="e">rda</subfield>
    <subfield code="c">LEAUB</subfield>
    <subfield code="d">LEAUB</subfield>
  </datafield>
  <datafield tag="082" ind1="0" ind2="4">
    <subfield code="a">892.709</subfield>
    <subfield code="2">22</subfield>
  </datafield>
  <datafield tag="100" ind1="1" ind2=" ">
    <subfield code="6">880-01</subfield>
    <subfield code="a">Zaydān, Jirjī,</subfield>
    <subfield code="d">1861-1914,</subfield>
    <subfield code="e">author.</subfield>
  </datafield>
  <datafield tag="245" ind1="1" ind2="0">
    <subfield code="6">880-02</subfield>
    <subfield code="a">Tārīkh ādāb al-Lughah al-ʻArabīyah :</subfield>
    <subfield code="b">yashtamil ʻalá tārīkh al-lughah al-ʻArabīyah wa-ʻulūmihā wa-mā ḥawathu min al-ʻulūm wa-al-ādāb ʻalá ikhtilāf mawāḍīʻihā ; wa-tarājim al-ʻulamāʼ wa-al-udabāʼwa-al-shu‘arā’ wa-sā’ir arbāb al-qarā’iḥ, wa-waṣf muʼallafātihim wa-amākin wujūdihā aw-ṭab‘ihā min aqdam azminat al-tārīkh ilá al-ān /</subfield>
    <subfield code="c">ta’līf Jirjī Zaydān munshi’ al-Hilāl.</subfield>
  </datafield>
  <datafield tag="264" ind1=" " ind2="1">
    <subfield code="6">880-03</subfield>
    <subfield code="a">al-Qāhirah :</subfield>
    <subfield code="b">Dār al-Hilāl,</subfield>
    <subfield code="c">1922-1937.</subfield>
  </datafield>
  <datafield tag="300" ind1=" " ind2=" ">
    <subfield code="6">880-04</subfield>
    <subfield code="a">2 volumes :</subfield>
    <subfield code="b">illustrations, portraits ;</subfield>
    <subfield code="c">24 cm. +</subfield>
    <subfield code="e">index</subfield>
  </datafield>
  <datafield tag="336" ind1=" " ind2=" ">
    <subfield code="a">text</subfield>
    <subfield code="b">txt</subfield>
    <subfield code="2">rdacontent</subfield>
  </datafield>
  <datafield tag="337" ind1=" " ind2=" ">
    <subfield code="a">unmediated</subfield>
    <subfield code="b">n</subfield>
    <subfield code="2">rdamedia</subfield>
  </datafield>
  <datafield tag="338" ind1=" " ind2=" ">
    <subfield code="a">volume</subfield>
    <subfield code="b">nc</subfield>
    <subfield code="2">rdacarrier</subfield>
  </datafield>
  <datafield tag="500" ind1=" " ind2=" ">
    <subfield code="a">4 أجزاء ببليوغرافية في 2 جزء مادي.</subfield>
  </datafield>
  <datafield tag="504" ind1=" " ind2=" ">
    <subfield code="a">يتضمن مراجع ببليوغرافية (الجزء الأول، صفحة 7-8)</subfield>
  </datafield>
  <datafield tag="505" ind1="0" ind2=" ">
    <subfield code="a">الجزء الأول: يحتوي على تاريخ آداب اللغة العربية في عصر الجاهلية وعصر الراشدين والعصر الأموي أي من أقدم أزمنة التاريخ إلى سنة 132 هـ.، الطبعة الثالثة، 1936؛ الجزء الثاني:يحتوي على تاريخ آداب اللغة العربية في الدولة العباسية سنة 132 هـ. إلى دخول السلاجقة بغداد سنة 447 هـ. ويدخل فيه تكون العلوم الإسلامية ونقل العلوم الدخيلة إلى نضج العلم في أواسط القرن الخامس للهجرة، 1930؛ الجزء الثالث: يحتوي على تاريخ آداب اللغة العربية من دخول السلاجقة بغداد سنة 447 هـ. إلى دخول الفرنساويين مصر سنة 1313 هـ. - 1798 م. ويدخل فيه ثمار القرائح والعقول في العصر العباسي الرابع والعصر المغولي والعصر العثماني، وهي أكثر عصور آداب اللغة نتاجاً وفيها ظهرت أهم المعاجم والموسوعات وأوسع كتب التاريخ والجغرافية واللغة مما تداوله الأيدي، 1931؛ الجزء الرابع: يحتوي على تاريخ آداب اللغة العربية من دخول الفرنسويين مصر سنة 1213 هـ.، 1798 م. إلى هذه الأيام، الطبعة الثانية، 1937؛ مع فهارس عامة وهي ثلاثة: فهرس للموضوعات وفهرس للأعلام وفهرس لأسماء الكتب.</subfield>
  </datafield>
  <datafield tag="650" ind1=" " ind2="4">
    <subfield code="a">الادب العربي</subfield>
    <subfield code="v">بيوببليوغرافيا.</subfield>
  </datafield>
  <datafield tag="650" ind1=" " ind2="4">
    <subfield code="a">الادب العربي</subfield>
    <subfield code="x">تاريخ ونقد.</subfield>
  </datafield>
  <datafield tag="650" ind1=" " ind2="4">
    <subfield code="a">الحضارة العربية.</subfield>
  </datafield>
  <datafield tag="650" ind1=" " ind2="0">
    <subfield code="a">Arabic literature</subfield>
    <subfield code="v">Bio-bibliography.</subfield>
  </datafield>
  <datafield tag="650" ind1=" " ind2="0">
    <subfield code="a">Arabic literature</subfield>
    <subfield code="x">History and criticism.</subfield>
  </datafield>
  <datafield tag="650" ind1=" " ind2="0">
    <subfield code="a">Civilization, Arab.</subfield>
  </datafield>
  <datafield tag="651" ind1=" " ind2="4">
    <subfield code="a">البلدان العربية</subfield>
    <subfield code="v">تراجم.</subfield>
  </datafield>
  <datafield tag="651" ind1=" " ind2="0">
    <subfield code="a">Arab countries</subfield>
    <subfield code="v">Biography.</subfield>
  </datafield>
  <datafield tag="852" ind1=" " ind2=" ">
    <subfield code="a">Jafet Reference</subfield>
    <subfield code="e">American University of Beirut, Bliss Street , Beirut, Lebanon.</subfield>
  </datafield>
  <datafield tag="880" ind1="1" ind2=" ">
    <subfield code="6">100-01/(3/r</subfield>
    <subfield code="a">زيدان، جرجي،</subfield>
    <subfield code="d">1861-1914،</subfield>
    <subfield code="e">مؤلف. </subfield>
    <subfield code="4">aut.</subfield>
  </datafield>
  <datafield tag="880" ind1="1" ind2="0">
    <subfield code="6">245-02/(3/r</subfield>
    <subfield code="a">تاريخ آداب اللغة العربية :</subfield>
    <subfield code="b">يشتمل على تاريخ اللغة العربية وعلومها وما حوته من العلوم والآداب على إختلاف مواضيعها؛ وتراجم العلماء و الآدباء و الشعراء وسائر أرباب القرائح، ووصف مؤلفاتهم وأماكن وجودها أو طبعها من أقدم أزمنة التاريخ إلى الآن /</subfield>
    <subfield code="c">تأليف جرجي زيدان منشئ الهلال.</subfield>
  </datafield>
  <datafield tag="880" ind1=" " ind2="1">
    <subfield code="6">264-03/(3/r</subfield>
    <subfield code="a">القاهرة :</subfield>
    <subfield code="b">مطبعة الهلال،</subfield>
    <subfield code="c">1922-1937.</subfield>
  </datafield>
  <datafield tag="880" ind1=" " ind2=" ">
    <subfield code="6">300-04/(3/r</subfield>
    <subfield code="a">2 جزء :</subfield>
    <subfield code="b">مصورات، صور شخصانية ؛</subfield>
    <subfield code="c">24 سم. +</subfield>
    <subfield code="e">فهرس</subfield>
  </datafield>
  <datafield tag="907" ind1=" " ind2=" ">
    <subfield code="a">.b12779829</subfield>
    <subfield code="b">16-01-29</subfield>
    <subfield code="c">11-05-24</subfield>
  </datafield>
  <datafield tag="907" ind1=" " ind2=" ">
    <subfield code="a">.b12779829</subfield>
    <subfield code="b">11-10-11</subfield>
    <subfield code="c">11-05-24</subfield>
  </datafield>
  <datafield tag="945" ind1=" " ind2=" ">
    <subfield code="f">R</subfield>
    <subfield code="a">892.709:Z39taA:Index:c.1</subfield>
    <subfield code="g">1</subfield>
    <subfield code="i">00433188</subfield>
    <subfield code="j">.i13366798</subfield>
    <subfield code="l">u0601</subfield>
  </datafield>
  <datafield tag="998" ind1=" " ind2=" ">
    <subfield code="a">u06</subfield>
    <subfield code="b">97-11-28</subfield>
    <subfield code="c">m</subfield>
    <subfield code="d">a</subfield>
    <subfield code="e">-</subfield>
    <subfield code="f">ara</subfield>
    <subfield code="g">ua </subfield>
    <subfield code="h">0</subfield>
    <subfield code="i">3</subfield>
  </datafield>
</record>
</collection>
